@misc{yan2021videogpt,
      title={VideoGPT: Video Generation using VQ-VAE and Transformers}, 
      author={Wilson Yan and Yunzhi Zhang and Pieter Abbeel and Aravind Srinivas},
      year={2021},
      eprint={2104.10157},
      archivePrefix={arXiv},
      primaryClass={cs.CV}
}

@misc{li2016tgif,
      title={TGIF: A New Dataset and Benchmark on Animated GIF Description}, 
      author={Yuncheng Li and Yale Song and Liangliang Cao and Joel Tetreault and Larry Goldberg and Alejandro Jaimes and Jiebo Luo},
      year={2016},
      eprint={1604.02748},
      archivePrefix={arXiv},
      primaryClass={cs.CV}
}

@misc{soomro2012ucf101,
      title={UCF101: A Dataset of 101 Human Actions Classes From Videos in The Wild}, 
      author={Khurram Soomro and Amir Roshan Zamir and Mubarak Shah},
      year={2012},
      eprint={1212.0402},
      archivePrefix={arXiv},
      primaryClass={cs.CV}
}

@misc{chan2021transgan,
      title={TransGAN: Two Pure Transformers Can Make One Strong GAN, and That Can Scale Up}, 
      author={William Chan and Yu-Wing Tai and Michael S. Brown},
      year={2021},
      eprint={2102.07074},
      archivePrefix={arXiv},
      primaryClass={cs.CV}
}